@book{Richardson1995,
    author    = {Anthony J. Richardson and Elizabeth S. Ampt and Arnim H. Meyburg},
    title     = {Survey Methods for Transport Planning},
    publisher = "Eucalyptus Press",
    year      = "1995"
}

@misc{waze,
    title     = {Waze},
    howpublished = "\url{https://www.waze.com/}",
}

@misc{tdrs,
  author = {{3GPP TS 25.413}},
  title = {{UTRAN Iu interface RANAP signalling}},
  howpublished = "\url{http://www.3gpp.org/DynaReport/25413.htm}",
  note = ""
}
@ARTICLE{Do2014, 
author={Trinh Minh Tri Do and Gatica-Perez, D.}, 
journal={Mobile Computing, IEEE Transactions on}, 
title={The Places of Our Lives: Visiting Patterns and Automatic Labeling from Longitudinal Smartphone Data}, 
year={2014}, 
month={March}, 
volume={13}, 
number={3}, 
pages={638-648},  
doi={10.1109/TMC.2013.19}, 
ISSN={1536-1233}
}

@article{Li2010,
 author = {Li, Zhenhui and Ding, Bolin and Han, Jiawei and Kays, Roland},
 title = {Swarm: Mining Relaxed Temporal Moving Object Clusters},
 journal = {Proc. VLDB Endow.},
 issue_date = {September 2010},
 volume = {3},
 number = {1-2},
 month = sep,
 year = {2010},
 issn = {2150-8097},
 pages = {723--734},
 numpages = {12},
 url = {http://dx.doi.org/10.14778/1920841.1920934},
 doi = {10.14778/1920841.1920934},
 acmid = {1920934},
 publisher = {VLDB Endowment},
} 

@inproceedings{Lee2007,
 author = {Lee, Jae-Gil and Han, Jiawei and Whang, Kyu-Young},
 title = {Trajectory Clustering: A Partition-and-group Framework},
 booktitle = {Proceedings of the 2007 ACM SIGMOD International Conference on Management of Data},
 series = {SIGMOD '07},
 year = {2007},
 isbn = {978-1-59593-686-8},
 location = {Beijing, China},
 pages = {593--604},
 numpages = {12},
 url = {http://doi.acm.org/10.1145/1247480.1247546},
 doi = {10.1145/1247480.1247546},
 acmid = {1247546},
 publisher = {ACM},
 address = {New York, NY, USA},
 keywords = {MDL principle, density-based clustering, partition-and-group framework, trajectory clustering},
} 

@INPROCEEDINGS{Yi1998, 
author={Yi, B.-K. and Jagadish, H.V. and Faloutsos, C.}, 
booktitle={Data Engineering, 1998. Proceedings., 14th International Conference on}, 
title={Efficient retrieval of similar time sequences under time warping}, 
year={1998}, 
month={Feb}, 
pages={201-208}, 
doi={10.1109/ICDE.1998.655778}, 
ISSN={1063-6382},}

@inproceedings{Zheng2008,
 author = {Zheng, Yu and Li, Quannan and Chen, Yukun and Xie, Xing and Ma, Wei-Ying},
 title = {Understanding Mobility Based on GPS Data},
 booktitle = {Proceedings of the 10th International Conference on Ubiquitous Computing},
 series = {UbiComp '08},
 year = {2008},
 isbn = {978-1-60558-136-1},
 location = {Seoul, Korea},
 pages = {312--321},
 numpages = {10},
 url = {http://doi.acm.org/10.1145/1409635.1409677},
 doi = {10.1145/1409635.1409677},
 acmid = {1409677},
 publisher = {ACM},
 address = {New York, NY, USA}
} 

@inproceedings{Chen2004,
 author = {Chen, Lei and Ng, Raymond},
 title = {On the Marriage of Lp-norms and Edit Distance},
 booktitle = {Proceedings of the Thirtieth International Conference on Very Large Data Bases - Volume 30},
 series = {VLDB '04},
 year = {2004},
 isbn = {0-12-088469-0},
 location = {Toronto, Canada},
 pages = {792--803},
 numpages = {12},
 url = {http://dl.acm.org/citation.cfm?id=1316689.1316758},
 acmid = {1316758},
 publisher = {VLDB Endowment},
} 

@inproceedings{Chen2005,
 author = {Chen, Lei and \"{O}zsu, M. Tamer and Oria, Vincent},
 title = {Robust and Fast Similarity Search for Moving Object Trajectories},
 booktitle = {Proceedings of the 2005 ACM SIGMOD International Conference on Management of Data},
 series = {SIGMOD '05},
 year = {2005},
 isbn = {1-59593-060-4},
 location = {Baltimore, Maryland},
 pages = {491--502},
 numpages = {12},
 url = {http://doi.acm.org/10.1145/1066157.1066213},
 doi = {10.1145/1066157.1066213},
 acmid = {1066213},
 publisher = {ACM},
 address = {New York, NY, USA},
} 

@INPROCEEDINGS{Vlachos2002, 
author={Vlachos, M. and Kollios, G. and Gunopulos, D.}, 
booktitle={Data Engineering, 2002. Proceedings. 18th International Conference on}, 
title={Discovering similar multidimensional trajectories}, 
year={2002}, 
month={}, 
pages={673-684}, 
doi={10.1109/ICDE.2002.994784}, 
ISSN={1063-6382},}

@ARTICLE{Yuan2013, 
author={Jing Yuan and Yu Zheng and Xing Xie and Guangzhong Sun}, 
journal={Knowledge and Data Engineering, IEEE Transactions on}, 
title={T-Drive: Enhancing Driving Directions with Taxi Drivers' Intelligence}, 
year={2013}, 
month={Jan}, 
volume={25}, 
number={1}, 
pages={220-232}, 
doi={10.1109/TKDE.2011.200}, 
ISSN={1041-4347}
}

@INPROCEEDINGS{Zheng2009, 
author={Yu Zheng and Yukun Chen and Xing Xie and Wei-Ying Ma}, 
booktitle={Mobile Data Management: Systems, Services and Middleware, 2009. MDM '09. Tenth International Conference on}, 
title={GeoLife2.0: A Location-Based Social Networking Service}, 
year={2009}, 
month={May}, 
pages={357-358}, 
doi={10.1109/MDM.2009.50},}

@ARTICLE{Kurtek2012,
title = {Statistical Modeling of Curves Using Shapes and Related Features},
author = {Kurtek, Sebastian and Srivastava, Anuj and Klassen, Eric and Ding, Zhaohua},
year = {2012},
journal = {Journal of the American Statistical Association},
volume = {107},
number = {499},
pages = {1152-1165},
url = {http://EconPapers.repec.org/RePEc:taf:jnlasa:v:107:y:2012:i:499:p:1152-1165}
}

