
@book{Richardson1995,
    author    = {Anthony J. Richardson and Elizabeth S. Ampt and Arnim H. Meyburg},
    title     = {Survey Methods for Transport Planning},
    publisher = "Eucalyptus Press",
    year      = "1995"
}



@article{Li2010,
 author = {Li, Zhenhui and Ding, Bolin and Han, Jiawei and Kays, Roland},
 title = {Swarm: Mining Relaxed Temporal Moving Object Clusters},
 journal = {Proc. VLDB Endow.},
 issue_date = {September 2010},
 volume = {3},
 number = {1-2},
 month = sep,
 year = {2010},
 issn = {2150-8097},
 pages = {723--734},
 numpages = {12},
 url = {http://dx.doi.org/10.14778/1920841.1920934},
 doi = {10.14778/1920841.1920934},
 acmid = {1920934},
 publisher = {VLDB Endowment},
}

@inproceedings{Lee2007,
 author = {Lee, Jae-Gil and Han, Jiawei and Whang, Kyu-Young},
 title = {Trajectory Clustering: A Partition-and-group Framework},
 booktitle = {Proceedings of the 2007 ACM SIGMOD International Conference on Management of Data},
 series = {SIGMOD '07},
 year = {June 11 - 14, 2007},
 isbn = {978-1-59593-686-8},
 address = {Beijing, China},
 pages = {593--604},
 numpages = {12},
 doi = {10.1145/1247480.1247546},
 acmid = {1247546},
 publisher = {ACM},

} 

@INPROCEEDINGS{Yi1998, 
author={Yi, B.-K. and Jagadish, H.V. and Faloutsos, C.}, 
booktitle={Proceedings of the Fourteenth International Conference on Data Engineering,ICDE}, 
title={Efficient retrieval of similar time sequences under time warping}, 
year={February 23-27, 1998}, 
pages={201-208}, 
address={Orlando, Florida, USA},
doi={10.1109/ICDE.1998.655778}, 
ISSN={1063-6382},}

@inproceedings{Zheng2008,
 author = {Zheng, Yu and Li, Quannan and Chen, Yukun and Xie, Xing and Ma, Wei-Ying},
 title = {Understanding Mobility Based on GPS Data},
 booktitle = {Proceedings of the 10th International Conference on Ubiquitous Computing},
 series = {UbiComp '08},
 year = {2008},
 isbn = {978-1-60558-136-1},
 location = {Seoul, Korea},
 pages = {312--321},
 numpages = {10},
 url = {http://doi.acm.org/10.1145/1409635.1409677},
 doi = {10.1145/1409635.1409677},
 acmid = {1409677},
 publisher = {ACM},
 address = {New York, NY, USA}
} 

@inproceedings{Chen2004,
 author = {Chen, Lei and Ng, Raymond},
 title = {On the Marriage of Lp-norms and Edit Distance},
 booktitle = {Proceedings of the Thirtieth International Conference on Very Large Data Bases - Volume 30},
 series = {VLDB '04},
 year = {29 August - 3 September 2004},
 isbn = {0-12-088469-0},
 address = {Toronto, Canada},
 pages = {792--803},
 numpages = {12},
 url = {http://dl.acm.org/citation.cfm?id=1316689.1316758},
 acmid = {1316758},
 publisher = {VLDB Endowment},
} 

@inproceedings{Chen2005,
 author = {Chen, Lei and \"{O}zsu, M. Tamer and Oria, Vincent},
 title = {Robust and Fast Similarity Search for Moving Object Trajectories},
 booktitle = {Proceedings of the 2005 ACM SIGMOD International Conference on Management of Data},
 series = {SIGMOD '05},
 year = {June 13-17, 2005},
 isbn = {1-59593-060-4},
 address = {Baltimore, Maryland},
 pages = {491--502},
 numpages = {12},
 url = {http://doi.acm.org/10.1145/1066157.1066213},
 doi = {10.1145/1066157.1066213},
 acmid = {1066213},
 publisher = {ACM},
 
} 

@INPROCEEDINGS{Vlachos2002, 
author={Vlachos, M. and Kollios, G. and Gunopulos, D.}, 
booktitle={Proceedings of the 18th International Conference on Data Engineering}, 
title={Discovering similar multidimensional trajectories}, 
year={26 February - 1 March, 2002}, 
month={}, 
pages={673-684}, 
doi={10.1109/ICDE.2002.994784}, 
ISSN={1063-6382},address={San Jose, CA}}

@ARTICLE{Yuan2013, 
author={Jing Yuan and Yu Zheng and Xing Xie and Guangzhong Sun}, 
journal={Knowledge and Data Engineering, IEEE Transactions on}, 
title={T-Drive: Enhancing Driving Directions with Taxi Drivers' Intelligence}, 
year={2013}, 
month={Jan}, 
volume={25}, 
number={1}, 
pages={220-232}, 
doi={10.1109/TKDE.2011.200}, 
ISSN={1041-4347}
}

@INPROCEEDINGS{Zheng2009, 
author={Yu Zheng and Yukun Chen and Xing Xie and Wei-Ying Ma}, 
booktitle={Mobile Data Management: Systems, Services and Middleware, 2009. MDM '09. Tenth International Conference on}, 
title={GeoLife2.0: A Location-Based Social Networking Service}, 
year={May 18- May 21, 2009}, 
month={May}, 
pages={357-358}, 
doi={10.1109/MDM.2009.50},address={Taipei, Taiwan}}

@ARTICLE{Kurtek2012,
title = {Statistical Modeling of Curves Using Shapes and Related Features},
author = {Kurtek, Sebastian and Srivastava, Anuj and Klassen, Eric and Ding, Zhaohua},
year = {2012},
journal = {Journal of the American Statistical Association},
volume = {107},
number = {499},
pages = {1152-1165},
url = {http://EconPapers.repec.org/RePEc:taf:jnlasa:v:107:y:2012:i:499:p:1152-1165}
}

@inproceedings{geolife1,
  title={Mining interesting locations and travel sequences from GPS trajectories},
  author={Zheng, Yu and Zhang, Lizhu and Xie, Xing and Ma, Wei-Ying},
  booktitle={Proceedings of the 18th international conference on World wide web},
  pages={791--800},
  year={April 20 - 24, 2009},
  organization={ACM},
  address={Madrid, Spain}
}

@inproceedings{geolife2,
  title={Understanding mobility based on GPS data},
  author={Zheng, Yu and Li, Quannan and Chen, Yukun and Xie, Xing and Ma, Wei-Ying},
  booktitle={Proceedings of the 10th international conference on Ubiquitous computing},
  pages={312--321},
  year={September 21 - 24, 2008},
  organization={ACM},
  address={Seoul, South Korea}
}

@article{geolife3,
  title={GeoLife: A Collaborative Social Networking Service among User, Location and Trajectory.},
  author={Zheng, Yu and Xie, Xing and Ma, Wei-Ying},
  journal={IEEE Data Eng. Bull.},
  volume={33},
  number={2},
  pages={32--39},
  year={2010},
  publisher={Citeseer},
}

@article{lp1,
  title={Efficient Similarity Search In Sequence Databases},
  author={Agrawal, Rakesh and Faloutsos, Christos and Swami, Arun},
  year={1994}
}
@inproceedings{lp2,
  title={Fast time sequence indexing for arbitrary LP norms},
  author={Yi, Byoung-Kee and Faloutsos, Christos},
  year={September 10-14, 2000},
  address={Cairo, Egypt},
  organization={VLDB}
}

@inproceedings{dtw,
  title={Finding Patterns in Time Series, Advances in Knowledge Discovery and Data Mining},
  author={Berndt, Donald J and Clifford, James},
  booktitle={The Thirteenth National Conference on Artificial Intelligence,AAAI},
  address={Portland, Oregon},
  year={August 4- 8, 1996},
  publisher={MIT Press}
}
@inproceedings{dtw1,
  title={Scaling up dynamic time warping for datamining applications},
  author={Keogh, Eamonn J and Pazzani, Michael J},
  booktitle={Proceedings of the sixth ACM SIGKDD international conference on Knowledge discovery and data mining},
  pages={285--289},
  year={2000},
  organization={ACM}
}
@inproceedings{simcomp,
  title={An effectiveness study on trajectory similarity measures},
  author={Wang, Haozhou and Su, Han and Zheng, Kai and Sadiq, Shazia and Zhou, Xiaofang},
  booktitle={Proceedings of the Twenty-Fourth Australasian Database Conference-Volume 137},
  pages={13--22},
  year={2013},
  address={Adelaide, Australia},
  organization={Australian Computer Society, Inc.}
}


@inproceedings{gaffney1999trajectory,
  title={Trajectory clustering with mixtures of regression models},
  author={Gaffney, Scott and Smyth, Padhraic},
  booktitle={Proceedings of the fifth ACM SIGKDD international conference on Knowledge discovery and data mining},
  pages={63--72},
  year={August 15 - 18,1999},
  organization={ACM},
  address={San Diego, CA, USA}
}
@article{nanni2006time,
  title={Time-focused clustering of trajectories of moving objects},
  author={Nanni, Mirco and Pedreschi, Dino},
  journal={Journal of Intelligent Information Systems},
  volume={27},
  number={3},
  pages={267--289},
  year={2006},
  publisher={Springer}
}
@incollection{zhang,
  title={Clustering Spatio-temporal Trajectories Based on Kernel Density Estimation},
  author={Zhang, Pengdong and Deng, Min and Van de Weghe, Nico},
  booktitle={Computational Science and Its Applications--ICCSA 2014},
  pages={298--311},
  year={June 30 - July 3, 2014},
  publisher={Springer},
  address={Guimaraes, Portugal}
}
@inproceedings{su2015making,
  title={Making sense of trajectory data: A partition-and-summarization approach},
  author={Su, Han and Zheng, Kai and Zeng, Kai and Huang, Jiamin and Sadiq, Shazia and Yuan, Nicholas Jing and Zhou, Xiaofang},
  booktitle={IEEE 31st International Conference on Data Engineering (ICDE)},
  pages={963--974},
  year={13 Apr - 17 Apr, 2015},
  organization={IEEE},
  address={Seoul, South Korea}
}
@article{lee2008traclass,
  title={TraClass: trajectory classification using hierarchical region-based and trajectory-based clustering},
  author={Lee, Jae-Gil and Han, Jiawei and Li, Xiaolei and Gonzalez, Hector},
  journal={Proceedings of the VLDB Endowment},
  volume={1},
  number={1},
  pages={1081--1094},
  year={2008},
  publisher={VLDB Endowment}
}
@article{flock1,
  title={Efficient detection of patterns in 2D trajectories of moving points},
  author={Gudmundsson, Joachim and van Kreveld, Marc and Speckmann, Bettina},
  journal={Geoinformatica},
  volume={11},
  number={2},
  pages={195--215},
  year={2007},
  publisher={Springer}
}
@article{flock2,
  title={Detecting commuting patterns by clustering subtrajectories},
  author={Buchin, Kevin and Buchin, Maike and Gudmundsson, Joachim and L{\"o}ffler, Maarten and Luo, Jun},
  journal={International Journal of Computational Geometry \& Applications},
  volume={21},
  number={03},
  pages={253--282},
  year={2011},
  publisher={World Scientific}
}

@inproceedings{mapmatch1,
  title={Neat: Road network aware trajectory clustering},
  author={Han, Binh and Liu, Ling and Omiecinski, Edward},
  booktitle={Distributed Computing Systems (ICDCS), 2012 IEEE 32nd International Conference on},
  pages={142--151},
  year={18-21 June,2012},
  organization={IEEE},
  address={Macau,China}
}
@article{mapmatch2,
  title={Modularity-Based Clustering for Network-Constrained Trajectories},
  author={Mahrsi, Mohamed Khalil El and Rossi, Fabrice},
  journal={arXiv preprint arXiv:1205.2172},
  year={2012}
}

@inproceedings{trajcut1,
  title={Mining user similarity based on location history},
  author={Li, Quannan and Zheng, Yu and Xie, Xing and Chen, Yukun and Liu, Wenyu and Ma, Wei-Ying},
  booktitle={Proceedings of the 16th ACM SIGSPATIAL international conference on Advances in geographic information systems},
  address={ Irvine, CA, USA},
  year={ November 5-7, 2008},
  organization={ACM}
}
c@article{trajcut2,
  title={Learning travel recommendations from user-generated GPS traces},
  author={Zheng, Yu and Xie, Xing},
  journal={ACM Transactions on Intelligent Systems and Technology (TIST)},
  volume={2},
  number={1},
  pages={2},
  year={2011},
  publisher={ACM}
}
@article{trajcut3,
  title={Trajectory data mining: an overview},
  author={Zheng, Yu},
  journal={ACM Transactions on Intelligent Systems and Technology (TIST)},
  volume={6},
  number={3},
  pages={29},
  year={2015},
  publisher={ACM}
}
@article{median1,
  title={Median trajectories},
  author={Buchin, Kevin and Buchin, Maike and Van Kreveld, Marc and L{\"o}ffler, Maarten and Silveira, Rodrigo I and Wenk, Carola and Wiratma, Lionov},
  journal={Algorithmica},
  volume={66},
  number={3},
  pages={595--614},
  year={2013},
  publisher={Springer}
}